This file was created with JabRef 2.2.
Encoding: Cp1252

@ARTICLE{A1,
  author = {Robert Almgren and Neil Chriss},
  title = {Optimal Execution of Portfolio Transactions},
  journal = {Journal of Risk},
  year = {1999},
  volume = {3},
  pages = {5--39}
}

@ARTICLE{A2,
  author = {Sophie Laruelle and Charles-Albert Lehalle and Gilles Pag√®s},
  title = {Optimal Posting Price of Limit Orders: Learning by Trading},
  journal = {Mathematics and Financial Economics},
  year = {2013},
  volume = {7},
  pages = {359--403}
}

@INPROCEEDINGS{A3,
  author = {Nevmyvaka, Yuriy and Feng, Yi and Kearns, Michael},
  title = {Reinforcement Learning for Optimized Trade Execution},
  booktitle = {Proceedings of the 23rd International Conference on Machine Learning},
  series = {ICML '06},
  year = {2006},
  isbn = {1-59593-383-2},
  location = {Pittsburgh, Pennsylvania, USA},
  pages = {673--680},
  numpages = {8},
  url = {http://doi.acm.org/10.1145/1143844.1143929},
  doi = {10.1145/1143844.1143929},
  acmid = {1143929},
  publisher = {ACM},
  address = {New York, NY, USA},
} 


@ARTICLE{A4,
  author    = {Thomas Spooner and
               John Fearnley and
               Rahul Savani and
               Andreas Koukorinis},
  title     = {Market Making via Reinforcement Learning},
  journal   = {CoRR},
  volume    = {abs/1804.04216},
  year      = {2018},
  url       = {http://arxiv.org/abs/1804.04216},
  archivePrefix = {arXiv},
  eprint    = {1804.04216},
  timestamp = {Mon, 13 Aug 2018 16:48:59 +0200},
  biburl    = {https://dblp.org/rec/bib/journals/corr/abs-1804-04216},
  bibsource = {dblp computer science bibliography, https://dblp.org}
}

@ARTICLE{A5,
  author = {Marcus Lim and Richard Coggins},
  title = {Optimal Trade Execution: An Evolutionary Approach},
  journal = {The 2005 IEEE Congress on Evolutionary Computation},
  year = {2005},
  volume = {2},
}

@ARTICLE{A6,
  author = {Weibing Huang and Charles-Albert Lehalle and Mathieu Rosenbaum},
  title = {Simulating and Analyzing Order Book Data: The Queue-Reactive Model},
  journal = {Journal of the American Statistical Association},
  year = {2013},
  pages = {110}
}

@misc{L1,
  author = {CoinMarketCap},
  title = {Coinbase Pro Market Cap},
  howpublished = {\url{https://coinmarketcap.com/exchanges/coinbase-pro/}},
  note = {Accessed: \today},
  year = 2018
}

@misc{L2,
  author = {Coinbase},
  title = {Coinbase Markets Trading Rules},
  howpublished = {\url{https://www.coinbase.com/legal/trading_rules?locale=en-US}},
  note = {Accessed: \today},
  year = 2018
}

@misc{L3,
  author = {Python Software Foundation},
  title = {CoPrA},
  howpublished = {\url{https://pypi.org/project/copra/}},
  note = {Accessed: \today},
  year = 2018
}